<record><leader>00000cas a22000007a 4500</leader><controlfield tag="001">13730826</controlfield><controlfield tag="008">860613d19311978inuwr ne      0    0eng d</controlfield><datafield ind1=" " ind2=" " tag="010"><subfield code="a">sn 86058613 </subfield></datafield><datafield ind1=" " ind2=" " tag="040"><subfield code="a">NPI</subfield><subfield code="b">eng</subfield><subfield code="c">NPI</subfield><subfield code="d">OCL</subfield><subfield code="d">OCLCQ</subfield></datafield><datafield ind1=" " ind2=" " tag="019"><subfield code="a">13730828</subfield><subfield code="a">13730835</subfield></datafield><datafield ind1=" " ind2=" " tag="042"><subfield code="a">msc</subfield></datafield><datafield ind1="0" ind2=" " tag="130"><subfield code="a">News-Republican (New Castle, Ind.)</subfield></datafield><datafield ind1="1" ind2="4" tag="245"><subfield code="a">The news-Republican.</subfield></datafield><datafield ind1="3" ind2="0" tag="246"><subfield code="a">Henry County news Republican</subfield></datafield><datafield ind1=" " ind2=" " tag="260"><subfield code="a">New Castle, Ind. :</subfield><subfield code="b">Henry County Pub. Co.,</subfield><subfield code="c">1931-1978.</subfield></datafield><datafield ind1=" " ind2=" " tag="300"><subfield code="a">47 v. :</subfield><subfield code="b">ill. ;</subfield><subfield code="c">44-61 cm.</subfield></datafield><datafield ind1=" " ind2=" " tag="310"><subfield code="a">Weekly,</subfield><subfield code="b">1967-1978</subfield></datafield><datafield ind1=" " ind2=" " tag="321"><subfield code="a">Weekly,</subfield><subfield code="b">1931-1948</subfield></datafield><datafield ind1=" " ind2=" " tag="321"><subfield code="a">Semiweekly,</subfield><subfield code="b">1948-1966</subfield></datafield><datafield ind1="0" ind2=" " tag="362"><subfield code="a">Vol. 1, no. 1 (Aug. 6, 1931)-[v. 47, no. 50] (Sept. 28, 1978).</subfield></datafield><datafield ind1=" " ind2=" " tag="500"><subfield code="a">Published also as: Henry County news Republican, Apr. 28, 1977-Jan. 12, 1978.</subfield></datafield><datafield ind1=" " ind2=" " tag="752"><subfield code="a">United States</subfield><subfield code="b">Indiana</subfield><subfield code="c">Henry</subfield><subfield code="d">New Castle.</subfield></datafield><datafield ind1="0" ind2="0" tag="785"><subfield code="t">Henry County news Republican</subfield><subfield code="w">(DLC)sn 86058616</subfield></datafield><datafield ind1="1" ind2=" " tag="029"><subfield code="a">AU@</subfield><subfield code="b">000025804569</subfield></datafield></record>